<record><leader>00000cas a22000007a 4500</leader><controlfield tag="001">671739169</controlfield><controlfield tag="008">101026d19371939pauwr ne      0    0eng  </controlfield><controlfield tag="009">466</controlfield><datafield ind1=" " ind2=" " tag="010"><subfield code="a">  2010218529</subfield></datafield><datafield ind1=" " ind2=" " tag="040"><subfield code="a">DLC</subfield><subfield code="b">eng</subfield><subfield code="c">DLC</subfield><subfield code="d">DLC</subfield><subfield code="d">OCLCF</subfield></datafield><datafield ind1=" " ind2=" " tag="042"><subfield code="a">msc</subfield></datafield><datafield ind1=" " ind2=" " tag="043"><subfield code="a">n-us-pa</subfield></datafield><datafield ind1="0" ind2="0" tag="050"><subfield code="a">Newspaper</subfield></datafield><datafield ind1="0" ind2="0" tag="245"><subfield code="a">Tru-val-ier.</subfield></datafield><datafield ind1=" " ind2=" " tag="260"><subfield code="a">Gallitzin, Pa. :</subfield><subfield code="b">S. Liebvovitz &amp; Sons and Employees</subfield></datafield><datafield ind1=" " ind2=" " tag="300"><subfield code="a">v.</subfield></datafield><datafield ind1=" " ind2=" " tag="310"><subfield code="a">Weekly,</subfield><subfield code="b">&lt;Mar. 17, 1939-&gt;</subfield></datafield><datafield ind1=" " ind2=" " tag="321"><subfield code="a">Biweekly,</subfield><subfield code="b">&lt;Sept. 9, 1938-&gt;</subfield></datafield><datafield ind1="1" ind2=" " tag="362"><subfield code="a">Began Oct. 22, 1937. Ceased in 1939.</subfield></datafield><datafield ind1=" " ind2=" " tag="500"><subfield code="a">"Founded Oct. 22, 1937."</subfield></datafield><datafield ind1=" " ind2=" " tag="500"><subfield code="a">Editor: Rose McCaa, &lt;1938-1939&gt;.</subfield></datafield><datafield ind1=" " ind2=" " tag="588"><subfield code="a">Description based on: Vol. 1, no. 34 (Sept. 9, 1938).</subfield></datafield><datafield ind1=" " ind2=" " tag="588"><subfield code="a">Latest issue consulted: Vol. 2, no. 14 (Mar. 17, 1939).</subfield></datafield><datafield ind1=" " ind2="0" tag="651"><subfield code="a">Gallitzin (Pa.)</subfield><subfield code="v">Newspapers.</subfield></datafield><datafield ind1=" " ind2="7" tag="655"><subfield code="a">Newspapers.</subfield><subfield code="2">fast</subfield><subfield code="0">(OCoLC)fst01423814</subfield></datafield><datafield ind1=" " ind2="7" tag="651"><subfield code="a">Pennsylvania</subfield><subfield code="z">Gallitzin.</subfield><subfield code="2">fast</subfield><subfield code="0">(OCoLC)fst01267081</subfield></datafield><datafield ind1=" " ind2=" " tag="752"><subfield code="a">United States</subfield><subfield code="b">Pennsylvania</subfield><subfield code="c">Cambria</subfield><subfield code="d">Gallitzin.</subfield></datafield><datafield ind1="0" ind2="0" tag="785"><subfield code="t">Gallitzin tru-val-ier</subfield><subfield code="w">(DLC)sn 87079997</subfield><subfield code="w">(OCoLC)15250068</subfield></datafield></record>